
@ARTICLE{2009MNRAS.392L..50F,
   author = {{Frebel}, A. and {Johnson}, J.~L. and {Bromm}, V.},
    title = "{The minimum stellar metallicity observable in the Galaxy}",
  journal = {\mnras},
archivePrefix = "arXiv",
   eprint = {0811.0020},
 keywords = {techniques: spectroscopic, stars: abundances, stars: kinematics, stars: Population II, Galaxy: halo, early Universe},
     year = 2009,
    month = jan,
   volume = 392,
    pages = {L50-L54},
      doi = {10.1111/j.1745-3933.2008.00587.x},
   adsurl = {http://adsabs.harvard.edu/abs/2009MNRAS.392L..50F},
  adsnote = {Provided by the SAO/NASA Astrophysics Data System}
}

@ARTICLE{2015ARA&A..53..631F,
   author = {{Frebel}, A. and {Norris}, J.~E.},
    title = "{Near-Field Cosmology with Extremely Metal-Poor Stars}",
  journal = {\araa},
archivePrefix = "arXiv",
   eprint = {1501.06921},
 primaryClass = "astro-ph.SR",
     year = 2015,
    month = aug,
   volume = 53,
    pages = {631-688},
      doi = {10.1146/annurev-astro-082214-122423},
   adsurl = {http://adsabs.harvard.edu/abs/2015ARA%26A..53..631F},
  adsnote = {Provided by the SAO/NASA Astrophysics Data System}
}

@INBOOK{2013pss5.book...55F,
   author = {{Frebel}, A. and {Norris}, J.~E.},
    title = "{Metal-Poor Stars and the Chemical Enrichment of the Universe}",
 keywords = {Physics},
booktitle = {Planets, Stars and Stellar Systems.~Volume 5: Galactic Structure and Stellar Populations},
     year = 2013,
   editor = {{Oswalt}, T.~D. and {Gilmore}, G.},
    pages = {55},
      doi = {10.1007/978-94-007-5612-0_3},
   adsurl = {http://adsabs.harvard.edu/abs/2013pss5.book...55F},
  adsnote = {Provided by the SAO/NASA Astrophysics Data System}
}

@ARTICLE{1989A&A...210..155M,
   author = {{Maeder}, A. and {Meynet}, G.},
    title = "{Grids of evolutionary models from 0.85 to 120 solar masses - Observational tests and the mass limits}",
  journal = {\aap},
 keywords = {Computational Astrophysics, Stellar Evolution, Stellar Mass, Stellar Models, Abundance, Hertzsprung-Russell Diagram, Mass To Light Ratios, Stellar Magnitude, Stellar Structure},
     year = 1989,
    month = feb,
   volume = 210,
    pages = {155-173},
   adsurl = {http://adsabs.harvard.edu/abs/1989A%26A...210..155M},
  adsnote = {Provided by the SAO/NASA Astrophysics Data System}
}

@ARTICLE{2011ApJ...735...93B,
   author = {{Becker}, G.~D. and {Sargent}, W.~L.~W. and {Rauch}, M. and 
	{Calverley}, A.~P.},
    title = "{High-redshift Metals. II. Probing Reionization Galaxies with Low-ionization Absorption Lines at Redshift Six}",
  journal = {\apj},
archivePrefix = "arXiv",
   eprint = {1101.4399},
 keywords = {cosmology: observations, early universe, intergalactic medium, quasars: absorption lines},
     year = 2011,
    month = jul,
   volume = 735,
      eid = {93},
    pages = {93},
      doi = {10.1088/0004-637X/735/2/93},
   adsurl = {http://adsabs.harvard.edu/abs/2011ApJ...735...93B},
  adsnote = {Provided by the SAO/NASA Astrophysics Data System}
}

@ARTICLE{2012ApJ...759..115F,
   author = {{Frebel}, A. and {Bromm}, V.},
    title = "{Chemical Signatures of the First Galaxies: Criteria for One-shot Enrichment}",
  journal = {\apj},
archivePrefix = "arXiv",
   eprint = {1010.1261},
 keywords = {dark ages, reionization, first stars, early universe, galaxies: dwarf, stars: abundances, stars: Population II},
     year = 2012,
    month = nov,
   volume = 759,
      eid = {115},
    pages = {115},
      doi = {10.1088/0004-637X/759/2/115},
   adsurl = {http://adsabs.harvard.edu/abs/2012ApJ...759..115F},
  adsnote = {Provided by the SAO/NASA Astrophysics Data System}
}

@ARTICLE{2009ApJ...693.1859B,
   author = {{Bovill}, M.~S. and {Ricotti}, M.},
    title = "{Pre-Reionization Fossils, Ultra-Faint Dwarfs, and the Missing Galactic Satellite Problem}",
  journal = {\apj},
archivePrefix = "arXiv",
   eprint = {0806.2340},
 keywords = {cosmology: theory, galaxies: formation, stars: formation},
     year = 2009,
    month = mar,
   volume = 693,
    pages = {1859-1870},
      doi = {10.1088/0004-637X/693/2/1859},
   adsurl = {http://adsabs.harvard.edu/abs/2009ApJ...693.1859B},
  adsnote = {Provided by the SAO/NASA Astrophysics Data System}
}

@ARTICLE{2005ARA&A..43..531B,
   author = {{Beers}, T.~C. and {Christlieb}, N.},
    title = "{The Discovery and Analysis of Very Metal-Poor Stars in the Galaxy}",
  journal = {\araa},
     year = 2005,
    month = sep,
   volume = 43,
    pages = {531-580},
      doi = {10.1146/annurev.astro.42.053102.134057},
   adsurl = {http://adsabs.harvard.edu/abs/2005ARA%26A..43..531B},
  adsnote = {Provided by the SAO/NASA Astrophysics Data System}
}

@ARTICLE{2007MNRAS.381..647S,
   author = {{Salvadori}, S. and {Schneider}, R. and {Ferrara}, A.},
    title = "{Cosmic stellar relics in the Galactic halo}",
  journal = {\mnras},
   eprint = {astro-ph/0611130},
 keywords = {stars: formation, stars: Population II, supernovae: general, galaxies: evolution, galaxies: stellar content, cosmology: theory},
     year = 2007,
    month = oct,
   volume = 381,
    pages = {647-662},
      doi = {10.1111/j.1365-2966.2007.12133.x},
   adsurl = {http://adsabs.harvard.edu/abs/2007MNRAS.381..647S},
  adsnote = {Provided by the SAO/NASA Astrophysics Data System}
}

@ARTICLE{2012MNRAS.423L..60S,
   author = {{Schneider}, R. and {Omukai}, K. and {Limongi}, M. and {Ferrara}, A. and 
	{Salvaterra}, R. and {Chieffi}, A. and {Bianchi}, S.},
    title = "{The formation of the extremely primitive star SDSS J102915+172927 relies on dust}",
  journal = {\mnras},
archivePrefix = "arXiv",
   eprint = {1203.4234},
 keywords = {stars: low-mass, supernovae: general, ISM: clouds, dust, extinction, Galaxy: halo, galaxies: evolution},
     year = 2012,
    month = jun,
   volume = 423,
    pages = {L60-L64},
      doi = {10.1111/j.1745-3933.2012.01257.x},
   adsurl = {http://adsabs.harvard.edu/abs/2012MNRAS.423L..60S},
  adsnote = {Provided by the SAO/NASA Astrophysics Data System}
}
@ARTICLE{Guedes11,
   author = {{Guedes}, J. and {Callegari}, S. and {Madau}, P. and {Mayer}, L.
	},
    title = "{Forming Realistic Late-type Spirals in a {$\Lambda$}CDM Universe: The Eris Simulation}",
  journal = {\apj},
archivePrefix = "arXiv",
   eprint = {1103.6030},
 keywords = {galaxies: formation},
     year = 2011,
    month = dec,
   volume = 742,
      eid = {76},
    pages = {76},
      doi = {10.1088/0004-637X/742/2/76},
   adsurl = {http://adsabs.harvard.edu/abs/2011ApJ...742...76G},
  adsnote = {Provided by the SAO/NASA Astrophysics Data System}
}

@ARTICLE{Wadsley04,
   author = {{Wadsley}, J.~W. and {Stadel}, J. and {Quinn}, T.},
    title = "{Gasoline: a flexible, parallel implementation of TreeSPH}",
  journal = {\na},
   eprint = {astro-ph/0303521},
     year = 2004,
    month = feb,
   volume = 9,
    pages = {137-158},
      doi = {10.1016/j.newast.2003.08.004},
   adsurl = {http://adsabs.harvard.edu/abs/2004NewA....9..137W},
  adsnote = {Provided by the SAO/NASA Astrophysics Data System}
}

@ARTICLE{HM96,
   author = {{Haardt}, F. and {Madau}, P.},
    title = "{Radiative Transfer in a Clumpy Universe. II. The Ultraviolet Extragalactic Background}",
  journal = {\apj},
   eprint = {astro-ph/9509093},
 keywords = {COSMOLOGY: THEORY, COSMOLOGY: DIFFUSE RADIATION, GALAXIES: INTERGALACTIC MEDIUM, GALAXIES: QUASARS: ABSORPTION LINES, RADIATIVE TRANSFER},
     year = 1996,
    month = apr,
   volume = 461,
    pages = {20},
      doi = {10.1086/177035},
   adsurl = {http://adsabs.harvard.edu/abs/1996ApJ...461...20H},
  adsnote = {Provided by the SAO/NASA Astrophysics Data System}
}

@ARTICLE{Kroupa93,
   author = {{Kroupa}, P. and {Tout}, C.~A. and {Gilmore}, G.},
    title = "{The distribution of low-mass stars in the Galactic disc}",
  journal = {\mnras},
 keywords = {Binary Stars, Galactic Nuclei, Milky Way Galaxy, Star Distribution, Stellar Mass, Color-Magnitude Diagram, Main Sequence Stars, Mass To Light Ratios, Metallicity, Solar Neighborhood, Stellar Evolution, Stellar Luminosity},
     year = 1993,
    month = jun,
   volume = 262,
    pages = {545-587},
      doi = {10.1093/mnras/262.3.545},
   adsurl = {http://adsabs.harvard.edu/abs/1993MNRAS.262..545K},
  adsnote = {Provided by the SAO/NASA Astrophysics Data System}
}

@ARTICLE{Stinson06,
   author = {{Stinson}, G. and {Seth}, A. and {Katz}, N. and {Wadsley}, J. and 
	{Governato}, F. and {Quinn}, T.},
    title = "{Star formation and feedback in smoothed particle hydrodynamic simulations - I. Isolated galaxies}",
  journal = {\mnras},
   eprint = {astro-ph/0602350},
 keywords = {hydrodynamics, methods: N-body simulations, stars: formation, Galaxy: evolution},
     year = 2006,
    month = dec,
   volume = 373,
    pages = {1074-1090},
      doi = {10.1111/j.1365-2966.2006.11097.x},
   adsurl = {http://adsabs.harvard.edu/abs/2006MNRAS.373.1074S},
  adsnote = {Provided by the SAO/NASA Astrophysics Data System}
}

@ARTICLE{Shen13,
   author = {{Shen}, S. and {Madau}, P. and {Guedes}, J. and {Mayer}, L. and 
	{Prochaska}, J.~X. and {Wadsley}, J.},
    title = "{The Circumgalactic Medium of Massive Galaxies at z \~{} 3: A Test for Stellar Feedback, Galactic Outflows, and Cold Streams}",
  journal = {\apj},
archivePrefix = "arXiv",
   eprint = {1205.0270},
 keywords = {galaxies: evolution, galaxies: high-redshift, intergalactic medium, methods: numerical },
     year = 2013,
    month = mar,
   volume = 765,
      eid = {89},
    pages = {89},
      doi = {10.1088/0004-637X/765/2/89},
   adsurl = {http://adsabs.harvard.edu/abs/2013ApJ...765...89S},
  adsnote = {Provided by the SAO/NASA Astrophysics Data System}
}

@ARTICLE{Raiteri96,
   author = {{Raiteri}, C.~M. and {Villata}, M. and {Navarro}, J.~F.},
    title = "{Simulations of Galactic chemical evolution. I. O and Fe abundances in a simple collapse model.}",
  journal = {\aap},
 keywords = {METHODS: NUMERICAL, GALAXY: ABUNDANCES, GALAXY: EVOLUTION, GALAXY: FORMATION, GALAXY: KINEMATICS AND DYNAMICS},
     year = 1996,
    month = nov,
   volume = 315,
    pages = {105-115},
   adsurl = {http://adsabs.harvard.edu/abs/1996A%26A...315..105R},
  adsnote = {Provided by the SAO/NASA Astrophysics Data System}
}

@ARTICLE{Woosley95,
   author = {{Woosley}, S.~E. and {Weaver}, T.~A.},
    title = "{The Evolution and Explosion of Massive Stars. II. Explosive Hydrodynamics and Nucleosynthesis}",
  journal = {\apjs},
 keywords = {HYDRODYNAMICS, NUCLEAR REACTIONS, NUCLEOSYNTHESIS, ABUNDANCES, STARS: EVOLUTION, STARS: INTERIORS, STARS: SUPERNOVAE: GENERAL},
     year = 1995,
    month = nov,
   volume = 101,
    pages = {181},
      doi = {10.1086/192237},
   adsurl = {http://adsabs.harvard.edu/abs/1995ApJS..101..181W},
  adsnote = {Provided by the SAO/NASA Astrophysics Data System}
}

@ARTICLE{Thielemann86,
   author = {{Thielemann}, F.-K. and {Nomoto}, K. and {Yokoi}, K.},
    title = "{Explosive nucleosynthesis in carbon deflagration models of Type I supernovae}",
  journal = {\aap},
 keywords = {Carbon, Deflagration, Nuclear Fusion, Stellar Composition, Supernovae, White Dwarf Stars, Asymptotic Giant Branch Stars, Detonation, Electron Capture, Oxygen, Silicon, Stellar Cores, Stellar Models},
     year = 1986,
    month = apr,
   volume = 158,
    pages = {17-33},
   adsurl = {http://adsabs.harvard.edu/abs/1986A%26A...158...17T},
  adsnote = {Provided by the SAO/NASA Astrophysics Data System}
}

@ARTICLE{Kennicutt94,
   author = {{Kennicutt}, Jr., R.~C. and {Tamblyn}, P. and {Congdon}, C.~E.
	},
    title = "{Past and future star formation in disk galaxies}",
  journal = {\apj},
 keywords = {Astronomical Models, Galactic Evolution, Spiral Galaxies, Star Formation, Stellar Luminosity, Time Measurement, Ultraviolet Spectra, Astronomical Photometry, H Alpha Line, Stellar Mass, Ultraviolet Astronomy},
     year = 1994,
    month = nov,
   volume = 435,
    pages = {22-36},
      doi = {10.1086/174790},
   adsurl = {http://adsabs.harvard.edu/abs/1994ApJ...435...22K},
  adsnote = {Provided by the SAO/NASA Astrophysics Data System}
}

@ARTICLE{Weidemann87,
   author = {{Weidemann}, V.},
    title = "{The initial-final mass relation - Galactic disk and Magellanic Clouds}",
  journal = {\aap},
 keywords = {Galactic Evolution, Galactic Mass, Magellanic Clouds, Milky Way Galaxy, Galactic Clusters, Stellar Evolution, Stellar Luminosity, Stellar Mass Ejection, White Dwarf Stars},
     year = 1987,
    month = dec,
   volume = 188,
    pages = {74-84},
   adsurl = {http://adsabs.harvard.edu/abs/1987A%26A...188...74W},
  adsnote = {Provided by the SAO/NASA Astrophysics Data System}
}

@ARTICLE{Asplund09,
   author = {{Asplund}, M. and {Grevesse}, N. and {Sauval}, A.~J. and {Scott}, P.
	},
    title = "{The Chemical Composition of the Sun}",
  journal = {\araa},
archivePrefix = "arXiv",
   eprint = {0909.0948},
 primaryClass = "astro-ph.SR",
     year = 2009,
    month = sep,
   volume = 47,
    pages = {481-522},
      doi = {10.1146/annurev.astro.46.060407.145222},
   adsurl = {http://adsabs.harvard.edu/abs/2009ARA%26A..47..481A},
  adsnote = {Provided by the SAO/NASA Astrophysics Data System}
}

@ARTICLE{Shen15,
   author = {{Shen}, S. and {Cooke}, R.~J. and {Ramirez-Ruiz}, E. and {Madau}, P. and 
	{Mayer}, L. and {Guedes}, J.},
    title = "{The History of R-Process Enrichment in the Milky Way}",
  journal = {\apj},
archivePrefix = "arXiv",
   eprint = {1407.3796},
 keywords = {Galaxy: abundances, Galaxy: evolution, methods: numerical, stars: abundances},
     year = 2015,
    month = jul,
   volume = 807,
      eid = {115},
    pages = {115},
      doi = {10.1088/0004-637X/807/2/115},
   adsurl = {http://adsabs.harvard.edu/abs/2015ApJ...807..115S},
  adsnote = {Provided by the SAO/NASA Astrophysics Data System}
}

@ARTICLE{Bondi52,
   author = {{Bondi}, H.},
    title = "{On spherically symmetrical accretion}",
  journal = {\mnras},
     year = 1952,
   volume = 112,
    pages = {195},
      doi = {10.1093/mnras/112.2.195},
   adsurl = {http://adsabs.harvard.edu/abs/1952MNRAS.112..195B},
  adsnote = {Provided by the SAO/NASA Astrophysics Data System}
}

@ARTICLE{2011ApJ...727..110C,
   author = {{Clark}, P.~C. and {Glover}, S.~C.~O. and {Klessen}, R.~S. and 
	{Bromm}, V.},
    title = "{Gravitational Fragmentation in Turbulent Primordial Gas and the Initial Mass Function of Population III Stars}",
  journal = {\apj},
archivePrefix = "arXiv",
   eprint = {1006.1508},
 keywords = {early universe, galaxies: clusters: general, hydrodynamics, stars: formation, stars: luminosity function, mass function},
     year = 2011,
    month = feb,
   volume = 727,
      eid = {110},
    pages = {110},
      doi = {10.1088/0004-637X/727/2/110},
   adsurl = {http://adsabs.harvard.edu/abs/2011ApJ...727..110C},
  adsnote = {Provided by the SAO/NASA Astrophysics Data System}
}

@ARTICLE{2011ApJ...737...75G,
   author = {{Greif}, T.~H. and {Springel}, V. and {White}, S.~D.~M. and 
	{Glover}, S.~C.~O. and {Clark}, P.~C. and {Smith}, R.~J. and 
	{Klessen}, R.~S. and {Bromm}, V.},
    title = "{Simulations on a Moving Mesh: The Clustered Formation of Population III Protostars}",
  journal = {\apj},
archivePrefix = "arXiv",
   eprint = {1101.5491},
 keywords = {cosmology: theory, early universe, hydrodynamics, methods: numerical, stars: formation},
     year = 2011,
    month = aug,
   volume = 737,
      eid = {75},
    pages = {75},
      doi = {10.1088/0004-637X/737/2/75},
   adsurl = {http://adsabs.harvard.edu/abs/2011ApJ...737...75G},
  adsnote = {Provided by the SAO/NASA Astrophysics Data System}
}


@ARTICLE{2013ApJ...766..103D,
   author = {{Dopcke}, G. and {Glover}, S.~C.~O. and {Clark}, P.~C. and {Klessen}, R.~S.
	},
    title = "{On the Initial Mass Function of Low-metallicity Stars: The Importance of Dust Cooling}",
  journal = {\apj},
archivePrefix = "arXiv",
   eprint = {1203.6842},
 primaryClass = "astro-ph.SR",
 keywords = {early universe, hydrodynamics, methods: numerical, stars: formation, stars: luminosity function, mass function},
     year = 2013,
    month = apr,
   volume = 766,
      eid = {103},
    pages = {103},
      doi = {10.1088/0004-637X/766/2/103},
   adsurl = {http://adsabs.harvard.edu/abs/2013ApJ...766..103D},
  adsnote = {Provided by the SAO/NASA Astrophysics Data System}
}

@ARTICLE{2014ApJ...781...60H,
   author = {{Hirano}, S. and {Hosokawa}, T. and {Yoshida}, N. and {Umeda}, H. and 
	{Omukai}, K. and {Chiaki}, G. and {Yorke}, H.~W.},
    title = "{One Hundred First Stars: Protostellar Evolution and the Final Masses}",
  journal = {\apj},
archivePrefix = "arXiv",
   eprint = {1308.4456},
 primaryClass = "astro-ph.CO",
 keywords = {accretion, accretion disks, early universe, stars: evolution, stars: formation, stars: population III, stars: pre-main sequence},
     year = 2014,
    month = feb,
   volume = 781,
      eid = {60},
    pages = {60},
      doi = {10.1088/0004-637X/781/2/60},
   adsurl = {http://adsabs.harvard.edu/abs/2014ApJ...781...60H},
  adsnote = {Provided by the SAO/NASA Astrophysics Data System}
}

@ARTICLE{2014ApJ...785...73S,
   author = {{Stacy}, A. and {Bromm}, V.},
    title = "{The First Stars: A Low-mass Formation Mode}",
  journal = {\apj},
archivePrefix = "arXiv",
   eprint = {1307.1798},
 keywords = {cosmology: theory, dark ages, reionization, first stars, stars: formation, stars: Population III},
     year = 2014,
    month = apr,
   volume = 785,
      eid = {73},
    pages = {73},
      doi = {10.1088/0004-637X/785/1/73},
   adsurl = {http://adsabs.harvard.edu/abs/2014ApJ...785...73S},
  adsnote = {Provided by the SAO/NASA Astrophysics Data System}
}

@ARTICLE{2014ApJ...792...32S,
   author = {{Susa}, H. and {Hasegawa}, K. and {Tominaga}, N.},
    title = "{The Mass Spectrum of the First Stars}",
  journal = {\apj},
archivePrefix = "arXiv",
   eprint = {1407.1374},
 keywords = {early universe, stars: abundances, stars: formation, stars: Population III},
     year = 2014,
    month = sep,
   volume = 792,
      eid = {32},
    pages = {32},
      doi = {10.1088/0004-637X/792/1/32},
   adsurl = {http://adsabs.harvard.edu/abs/2014ApJ...792...32S},
  adsnote = {Provided by the SAO/NASA Astrophysics Data System}
}

@ARTICLE{2015MNRAS.448.1405M,
   author = {{Machida}, M.~N. and {Nakamura}, T.},
    title = "{Accretion phase of star formation in clouds with different metallicities}",
  journal = {\mnras},
archivePrefix = "arXiv",
   eprint = {1502.01808},
 primaryClass = "astro-ph.SR",
 keywords = {accretion, accretion discs, binaries: general, stars: formation, stars: protostars, cosmology: theory, early Universe},
     year = 2015,
    month = apr,
   volume = 448,
    pages = {1405-1429},
      doi = {10.1093/mnras/stu2633},
   adsurl = {http://adsabs.harvard.edu/abs/2015MNRAS.448.1405M},
  adsnote = {Provided by the SAO/NASA Astrophysics Data System}
}

@ARTICLE{2016MNRAS.462.1307S,
   author = {{Stacy}, A. and {Bromm}, V. and {Lee}, A.~T.},
    title = "{Building up the Population III initial mass function from cosmological initial conditions}",
  journal = {\mnras},
archivePrefix = "arXiv",
   eprint = {1603.09475},
 keywords = {stars: formation, stars: Population III, galaxies: formation, cosmology: theory, early Universe},
     year = 2016,
    month = oct,
   volume = 462,
    pages = {1307-1328},
      doi = {10.1093/mnras/stw1728},
   adsurl = {http://adsabs.harvard.edu/abs/2016MNRAS.462.1307S},
  adsnote = {Provided by the SAO/NASA Astrophysics Data System}
}

@ARTICLE{2015MNRAS.453.2771J,
   author = {{Johnson}, J.~L.},
    title = "{The chemical signature of surviving Population III stars in the Milky Way}",
  journal = {\mnras},
archivePrefix = "arXiv",
   eprint = {1411.4189},
 keywords = {radiation: dynamics, stars: low-mass, stars: Population III, Galaxy: stellar content, cosmology: theory, early Universe},
     year = 2015,
    month = nov,
   volume = 453,
    pages = {2771-2778},
      doi = {10.1093/mnras/stv1815},
   adsurl = {http://adsabs.harvard.edu/abs/2015MNRAS.453.2771J},
  adsnote = {Provided by the SAO/NASA Astrophysics Data System}
}

@ARTICLE{1981ApJ...248..606B,
   author = {{Bond}, H.~E.},
    title = "{Where is Population III}",
  journal = {\apj},
 keywords = {Chemical Evolution, Galactic Evolution, Globular Clusters, Metallic Stars, Star Distribution, Abundance, Distribution Functions, G Stars, Solar System, Stellar Evolution, Stellar Mass},
     year = 1981,
    month = sep,
   volume = 248,
    pages = {606-611},
      doi = {10.1086/159186},
   adsurl = {http://adsabs.harvard.edu/abs/1981ApJ...248..606B},
  adsnote = {Provided by the SAO/NASA Astrophysics Data System}
}

@ARTICLE{2004A&A...416.1117C,
   author = {{Cayrel}, R. and {Depagne}, E. and {Spite}, M. and {Hill}, V. and 
	{Spite}, F. and {Fran{\c c}ois}, P. and {Plez}, B. and {Beers}, T. and 
	{Primas}, F. and {Andersen}, J. and {Barbuy}, B. and {Bonifacio}, P. and 
	{Molaro}, P. and {Nordstr{\"o}m}, B.},
    title = "{First stars V - Abundance patterns from C to Zn and supernova yields in the early Galaxy}",
  journal = {\aap},
   eprint = {astro-ph/0311082},
     year = 2004,
    month = mar,
   volume = 416,
    pages = {1117-1138},
      doi = {10.1051/0004-6361:20034074},
   adsurl = {http://adsabs.harvard.edu/abs/2004A%26A...416.1117C},
  adsnote = {Provided by the SAO/NASA Astrophysics Data System}
}

@ARTICLE{2011Natur.477...67C,
   author = {{Caffau}, E. and {Bonifacio}, P. and {Fran{\c c}ois}, P. and 
	{Sbordone}, L. and {Monaco}, L. and {Spite}, M. and {Spite}, F. and 
	{Ludwig}, H.-G. and {Cayrel}, R. and {Zaggia}, S. and {Hammer}, F. and 
	{Randich}, S. and {Molaro}, P. and {Hill}, V.},
    title = "{An extremely primitive star in the Galactic halo}",
  journal = {\nat},
archivePrefix = "arXiv",
   eprint = {1203.2612},
 primaryClass = "astro-ph.GA",
     year = 2011,
    month = sep,
   volume = 477,
    pages = {67-69},
      doi = {10.1038/nature10377},
   adsurl = {http://adsabs.harvard.edu/abs/2011Natur.477...67C},
  adsnote = {Provided by the SAO/NASA Astrophysics Data System}
}

@ARTICLE{2014Natur.506..463K,
   author = {{Keller}, S.~C. and {Bessell}, M.~S. and {Frebel}, A. and {Casey}, A.~R. and 
	{Asplund}, M. and {Jacobson}, H.~R. and {Lind}, K. and {Norris}, J.~E. and 
	{Yong}, D. and {Heger}, A. and {Magic}, Z. and {da Costa}, G.~S. and 
	{Schmidt}, B.~P. and {Tisserand}, P.},
    title = "{A single low-energy, iron-poor supernova as the source of metals in the star SMSS J031300.36-670839.3}",
  journal = {\nat},
archivePrefix = "arXiv",
   eprint = {1402.1517},
 primaryClass = "astro-ph.SR",
     year = 2014,
    month = feb,
   volume = 506,
    pages = {463-466},
      doi = {10.1038/nature12990},
   adsurl = {http://adsabs.harvard.edu/abs/2014Natur.506..463K},
  adsnote = {Provided by the SAO/NASA Astrophysics Data System}
}

@ARTICLE{2008PASJ...60.1159S,
   author = {{Suda}, T. and {Katsuta}, Y. and {Yamada}, S. and {Suwa}, T. and 
	{Ishizuka}, C. and {Komiya}, Y. and {Sorai}, K. and {Aikawa}, M. and 
	{Fujimoto}, M.~Y.},
    title = "{Stellar Abundances for the Galactic Archeology (SAGA) Database --- Compilation of the Characteristics of Known Extremely Metal-Poor Stars}",
  journal = {\pasj},
archivePrefix = "arXiv",
   eprint = {0806.3697},
 keywords = {astronomical data bases: miscellaneous, stars: abundances, stars: evolution},
     year = 2008,
    month = oct,
   volume = 60,
    pages = {1159-1171},
      doi = {10.1093/pasj/60.5.1159},
   adsurl = {http://adsabs.harvard.edu/abs/2008PASJ...60.1159S},
  adsnote = {Provided by the SAO/NASA Astrophysics Data System}
}

@ARTICLE{2015ApJ...806L..16B,
   author = {{Bessell}, M.~S. and {Collet}, R. and {Keller}, S.~C. and {Frebel}, A. and 
	{Heger}, A. and {Casey}, A.~R. and {Masseron}, T. and {Asplund}, M. and 
	{Jacobson}, H.~R. and {Lind}, K. and {Marino}, A.~F. and {Norris}, J.~E. and 
	{Yong}, D. and {Da Costa}, G. and {Chan}, C. and {Magic}, Z. and 
	{Schmidt}, B. and {Tisserand}, P.},
    title = "{Nucleosynthesis in a Primordial Supernova: Carbon and Oxygen Abundances in SMSS J031300.36-670839.3}",
  journal = {\apjl},
archivePrefix = "arXiv",
   eprint = {1505.03756},
 primaryClass = "astro-ph.SR",
 keywords = {stars: Population III, supernovae: general, supernovae: individual: SMSS J031300.36},
     year = 2015,
    month = jun,
   volume = 806,
      eid = {L16},
    pages = {L16},
      doi = {10.1088/2041-8205/806/1/L16},
   adsurl = {http://adsabs.harvard.edu/abs/2015ApJ...806L..16B},
  adsnote = {Provided by the SAO/NASA Astrophysics Data System}
}

@ARTICLE{2014ApJ...787..162H,
   author = {{Hansen}, T. and {Hansen}, C.~J. and {Christlieb}, N. and {Yong}, D. and 
	{Bessell}, M.~S. and {Garc{\'{\i}}a P{\'e}rez}, A.~E. and {Beers}, T.~C. and 
	{Placco}, V.~M. and {Frebel}, A. and {Norris}, J.~E. and {Asplund}, M.
	},
    title = "{Exploring the Origin of Lithium, Carbon, Strontium, and Barium with Four New Ultra Metal-poor Stars}",
  journal = {\apj},
archivePrefix = "arXiv",
   eprint = {1405.5846},
 primaryClass = "astro-ph.SR",
 keywords = {early universe, Galaxy: formation, Galaxy: halo, nuclear reactions, nucleosynthesis, abundances, stars: abundances},
     year = 2014,
    month = jun,
   volume = 787,
      eid = {162},
    pages = {162},
      doi = {10.1088/0004-637X/787/2/162},
   adsurl = {http://adsabs.harvard.edu/abs/2014ApJ...787..162H},
  adsnote = {Provided by the SAO/NASA Astrophysics Data System}
}

@ARTICLE{2007ApJ...670..774N,
   author = {{Norris}, J.~E. and {Christlieb}, N. and {Korn}, A.~J. and {Eriksson}, K. and 
	{Bessell}, M.~S. and {Beers}, T.~C. and {Wisotzki}, L. and {Reimers}, D.
	},
    title = "{HE 0557-4840: Ultra-Metal-Poor and Carbon-Rich}",
  journal = {\apj},
archivePrefix = "arXiv",
   eprint = {0707.2657},
 keywords = {Cosmology: Early Universe, Galaxy: Formation, Galaxy: Halo, Nuclear Reactions, Nucleosynthesis, Abundances, Stars: Abundances, stars: individual (HE 0557-4840)},
     year = 2007,
    month = nov,
   volume = 670,
    pages = {774-788},
      doi = {10.1086/521919},
   adsurl = {http://adsabs.harvard.edu/abs/2007ApJ...670..774N},
  adsnote = {Provided by the SAO/NASA Astrophysics Data System}
}

@ARTICLE{2016MNRAS.460..884H,
   author = {{Howes}, L.~M. and {Asplund}, M. and {Keller}, S.~C. and {Casey}, A.~R. and 
	{Yong}, D. and {Lind}, K. and {Frebel}, A. and {Hays}, A. and 
	{Alves-Brito}, A. and {Bessell}, M.~S. and {Casagrande}, L. and 
	{Marino}, A.~F. and {Nataf}, D.~M. and {Owen}, C.~I. and {Da Costa}, G.~S. and 
	{Schmidt}, B.~P. and {Tisserand}, P.},
    title = "{The EMBLA survey - metal-poor stars in the Galactic bulge}",
  journal = {\mnras},
archivePrefix = "arXiv",
   eprint = {1604.07834},
 keywords = {stars: abundances, stars: Population II, Galaxy: bulge, Galaxy: evolution},
     year = 2016,
    month = jul,
   volume = 460,
    pages = {884-901},
      doi = {10.1093/mnras/stw1004},
   adsurl = {http://adsabs.harvard.edu/abs/2016MNRAS.460..884H},
  adsnote = {Provided by the SAO/NASA Astrophysics Data System}
}

@ARTICLE{2015Natur.527..484H,
   author = {{Howes}, L.~M. and {Casey}, A.~R. and {Asplund}, M. and {Keller}, S.~C. and 
	{Yong}, D. and {Nataf}, D.~M. and {Poleski}, R. and {Lind}, K. and 
	{Kobayashi}, C. and {Owen}, C.~I. and {Ness}, M. and {Bessell}, M.~S. and 
	{da Costa}, G.~S. and {Schmidt}, B.~P. and {Tisserand}, P. and 
	{Udalski}, A. and {Szyma{\'n}ski}, M.~K. and {Soszy{\'n}ski}, I. and 
	{Pietrzy{\'n}ski}, G. and {Ulaczyk}, K. and {Wyrzykowski}, {\L}. and 
	{Pietrukowicz}, P. and {Skowron}, J. and {Koz{\l}owski}, S. and 
	{Mr{\'o}z}, P.},
    title = "{Extremely metal-poor stars from the cosmic dawn in the bulge of the Milky Way}",
  journal = {\nat},
archivePrefix = "arXiv",
   eprint = {1511.03930},
     year = 2015,
    month = nov,
   volume = 527,
    pages = {484-487},
      doi = {10.1038/nature15747},
   adsurl = {http://adsabs.harvard.edu/abs/2015Natur.527..484H},
  adsnote = {Provided by the SAO/NASA Astrophysics Data System}
}

@ARTICLE{2015ApJ...809..110C,
   author = {{Casey}, A.~R. and {Schlaufman}, K.~C.},
    title = "{Chemistry of the Most Metal-poor Stars in the Bulge and the z {\gsim} 10 Universe}",
  journal = {\apj},
archivePrefix = "arXiv",
   eprint = {1509.01252},
 primaryClass = "astro-ph.SR",
 keywords = {Galaxy: bulge, Galaxy: halo, Galaxy: stellar content, stars: abundances, stars: kinematics and dynamics, stars: Population II},
     year = 2015,
    month = aug,
   volume = 809,
      eid = {110},
    pages = {110},
      doi = {10.1088/0004-637X/809/2/110},
   adsurl = {http://adsabs.harvard.edu/abs/2015ApJ...809..110C},
  adsnote = {Provided by the SAO/NASA Astrophysics Data System}
}

@ARTICLE{2015ApJ...807..171J,
   author = {{Jacobson}, H.~R. and {Keller}, S. and {Frebel}, A. and {Casey}, A.~R. and 
	{Asplund}, M. and {Bessell}, M.~S. and {Da Costa}, G.~S. and 
	{Lind}, K. and {Marino}, A.~F. and {Norris}, J.~E. and {Pe{\~n}a}, J.~M. and 
	{Schmidt}, B.~P. and {Tisserand}, P. and {Walsh}, J.~M. and 
	{Yong}, D. and {Yu}, Q.},
    title = "{High-Resolution Spectroscopic Study of Extremely Metal-Poor Star Candidates from the SkyMapper Survey}",
  journal = {\apj},
archivePrefix = "arXiv",
   eprint = {1504.03344},
 primaryClass = "astro-ph.SR",
 keywords = {stars: abundances},
     year = 2015,
    month = jul,
   volume = 807,
      eid = {171},
    pages = {171},
      doi = {10.1088/0004-637X/807/2/171},
   adsurl = {http://adsabs.harvard.edu/abs/2015ApJ...807..171J},
  adsnote = {Provided by the SAO/NASA Astrophysics Data System}
}

@ARTICLE{2006MNRAS.369..825S,
   author = {{Schneider}, R. and {Salvaterra}, R. and {Ferrara}, A. and {Ciardi}, B.
	},
    title = "{Constraints on the initial mass function of the first stars}",
  journal = {\mnras},
   eprint = {astro-ph/0510685},
 keywords = {galaxies: formation: intergalactic medium: cosmology: observations: cosmology: theory, galaxies: formation, intergalactic medium, cosmology: observations, cosmology: theory},
     year = 2006,
    month = jun,
   volume = 369,
    pages = {825-834},
      doi = {10.1111/j.1365-2966.2006.10331.x},
   adsurl = {http://adsabs.harvard.edu/abs/2006MNRAS.369..825S},
  adsnote = {Provided by the SAO/NASA Astrophysics Data System}
}

@ARTICLE{2014ApJ...794..100M,
   author = {{Marassi}, S. and {Chiaki}, G. and {Schneider}, R. and {Limongi}, M. and 
	{Omukai}, K. and {Nozawa}, T. and {Chieffi}, A. and {Yoshida}, N.
	},
    title = "{The Origin of the Most Iron-poor Star}",
  journal = {\apj},
archivePrefix = "arXiv",
   eprint = {1409.4424},
 primaryClass = "astro-ph.SR",
 keywords = {dust, extinction, ISM: general, ISM: supernova remnants, supernovae: general},
     year = 2014,
    month = oct,
   volume = 794,
      eid = {100},
    pages = {100},
      doi = {10.1088/0004-637X/794/2/100},
   adsurl = {http://adsabs.harvard.edu/abs/2014ApJ...794..100M},
  adsnote = {Provided by the SAO/NASA Astrophysics Data System}
}

@ARTICLE{2015MNRAS.452.2822S,
   author = {{Smith}, B.~D. and {Wise}, J.~H. and {O'Shea}, B.~W. and {Norman}, M.~L. and 
	{Khochfar}, S.},
    title = "{The first Population II stars formed in externally enriched mini-haloes}",
  journal = {\mnras},
archivePrefix = "arXiv",
   eprint = {1504.07639},
 keywords = {hydrodynamics, radiative transfer, methods: numerical, galaxies: star formation},
     year = 2015,
    month = sep,
   volume = 452,
    pages = {2822-2836},
      doi = {10.1093/mnras/stv1509},
   adsurl = {http://adsabs.harvard.edu/abs/2015MNRAS.452.2822S},
  adsnote = {Provided by the SAO/NASA Astrophysics Data System}
}

@ARTICLE{2015MNRAS.447.3892H,
   author = {{Hartwig}, T. and {Bromm}, V. and {Klessen}, R.~S. and {Glover}, S.~C.~O.
	},
    title = "{Constraining the primordial initial mass function with stellar archaeology}",
  journal = {\mnras},
archivePrefix = "arXiv",
   eprint = {1411.1238},
 keywords = {methods: analytical, stars: Population III, Galaxy: evolution, Galaxy: stellar content, dark ages, reionization, first stars, early Universe},
     year = 2015,
    month = mar,
   volume = 447,
    pages = {3892-3908},
      doi = {10.1093/mnras/stu2740},
   adsurl = {http://adsabs.harvard.edu/abs/2015MNRAS.447.3892H},
  adsnote = {Provided by the SAO/NASA Astrophysics Data System}
}

@ARTICLE{2009Natur.459...49B,
   author = {{Bromm}, V. and {Yoshida}, N. and {Hernquist}, L. and {McKee}, C.~F.
	},
    title = "{The formation of the first stars and galaxies}",
  journal = {\nat},
archivePrefix = "arXiv",
   eprint = {0905.0929},
     year = 2009,
    month = may,
   volume = 459,
    pages = {49-54},
      doi = {10.1038/nature07990},
   adsurl = {http://adsabs.harvard.edu/abs/2009Natur.459...49B},
  adsnote = {Provided by the SAO/NASA Astrophysics Data System}
}

@INBOOK{2006jebh.book..239R,
   author = {{Ripamonti}, E. and {Abel}, T.},
    title = "{The Formation of Primordial Luminous Objects}",
booktitle = {Joint Evolution of Black Holes and Galaxies.~Series: Series in High Energy Physics, Cosmology and Gravitation, ISBN: <ISBN>978-0-7503-0999-8</ISBN>.~Taylor {\amp} Francis, Edited by F Haardt, V Gorini, U Moschella and M Colpi, pp.~239-289},
     year = 2006,
    month = jan,
   editor = {{Haardt}, F. and {Gorini}, V. and {Moschella}, U. and {Colpi}, M.
	},
    pages = {239-289},
      doi = {10.1201/9781420012095.ch5},
   adsurl = {http://adsabs.harvard.edu/abs/2006jebh.book..239R},
  adsnote = {Provided by the SAO/NASA Astrophysics Data System}
}

@ARTICLE{2005SSRv..116..625C,
   author = {{Ciardi}, B. and {Ferrara}, A.},
    title = "{The First Cosmic Structures and Their Effects}",
  journal = {\ssr},
   eprint = {astro-ph/0409018},
     year = 2005,
    month = feb,
   volume = 116,
    pages = {625-705},
      doi = {10.1007/s11214-005-3592-0},
   adsurl = {http://adsabs.harvard.edu/abs/2005SSRv..116..625C},
  adsnote = {Provided by the SAO/NASA Astrophysics Data System}
}

@ARTICLE{2005SSRv..117..445G,
   author = {{Glover}, S.},
    title = "{The Formation Of The First Stars In The Universe}",
  journal = {\ssr},
   eprint = {astro-ph/0409737},
 keywords = {stars: formation, galaxies: formation, cosmology: theory},
     year = 2005,
    month = apr,
   volume = 117,
    pages = {445-508},
      doi = {10.1007/s11214-005-5821-y},
   adsurl = {http://adsabs.harvard.edu/abs/2005SSRv..117..445G},
  adsnote = {Provided by the SAO/NASA Astrophysics Data System}
}

@ARTICLE{2004ARA&A..42...79B,
   author = {{Bromm}, V. and {Larson}, R.~B.},
    title = "{The First Stars}",
  journal = {\araa},
   eprint = {astro-ph/0311019},
     year = 2004,
    month = sep,
   volume = 42,
    pages = {79-118},
      doi = {10.1146/annurev.astro.42.053102.134034},
   adsurl = {http://adsabs.harvard.edu/abs/2004ARA%26A..42...79B},
  adsnote = {Provided by the SAO/NASA Astrophysics Data System}
}

@ARTICLE{2001PhR...349..125B,
   author = {{Barkana}, R. and {Loeb}, A.},
    title = "{In the beginning: the first sources of light and the reionization of the universe}",
  journal = {\physrep},
   eprint = {astro-ph/0010468},
     year = 2001,
    month = jul,
   volume = 349,
    pages = {125-238},
      doi = {10.1016/S0370-1573(01)00019-9},
   adsurl = {http://adsabs.harvard.edu/abs/2001PhR...349..125B},
  adsnote = {Provided by the SAO/NASA Astrophysics Data System}
}

@ARTICLE{2014MNRAS.445.3039D,
   author = {{de Bennassuti}, M. and {Schneider}, R. and {Valiante}, R. and 
	{Salvadori}, S.},
    title = "{Decoding the stellar fossils of the dusty Milky Way progenitors}",
  journal = {\mnras},
archivePrefix = "arXiv",
   eprint = {1409.5798},
 keywords = {stars: formation, stars: Population II, stars: Population III, supernovae: general, Galaxy: evolution, galaxies: evolution, galaxies: ISM},
     year = 2014,
    month = dec,
   volume = 445,
    pages = {3039-3054},
      doi = {10.1093/mnras/stu1962},
   adsurl = {http://adsabs.harvard.edu/abs/2014MNRAS.445.3039D},
  adsnote = {Provided by the SAO/NASA Astrophysics Data System}
}


@ARTICLE{2013RPPh...76k2901B,
   author = {{Bromm}, V.},
    title = "{Formation of the first stars}",
  journal = {Reports on Progress in Physics},
archivePrefix = "arXiv",
   eprint = {1305.5178},
 primaryClass = "astro-ph.CO",
     year = 2013,
    month = nov,
   volume = 76,
   number = 11,
      eid = {112901},
    pages = {112901},
      doi = {10.1088/0034-4885/76/11/112901},
   adsurl = {http://adsabs.harvard.edu/abs/2013RPPh...76k2901B},
  adsnote = {Provided by the SAO/NASA Astrophysics Data System}
}

@ARTICLE{2006ApJ...644..813E,
   author = {{Erb}, D.~K. and {Shapley}, A.~E. and {Pettini}, M. and {Steidel}, C.~C. and 
	{Reddy}, N.~A. and {Adelberger}, K.~L.},
    title = "{The Mass-Metallicity Relation at z$\gt$\~{}2}",
  journal = {\apj},
   eprint = {astro-ph/0602473},
 keywords = {Galaxies: Abundances, Galaxies: Evolution, Galaxies: High-Redshift},
     year = 2006,
    month = jun,
   volume = 644,
    pages = {813-828},
      doi = {10.1086/503623},
   adsurl = {http://adsabs.harvard.edu/abs/2006ApJ...644..813E},
  adsnote = {Provided by the SAO/NASA Astrophysics Data System}
}

@ARTICLE{2008A&A...488..463M,
   author = {{Maiolino}, R. and {Nagao}, T. and {Grazian}, A. and {Cocchia}, F. and 
	{Marconi}, A. and {Mannucci}, F. and {Cimatti}, A. and {Pipino}, A. and 
	{Ballero}, S. and {Calura}, F. and {Chiappini}, C. and {Fontana}, A. and 
	{Granato}, G.~L. and {Matteucci}, F. and {Pastorini}, G. and 
	{Pentericci}, L. and {Risaliti}, G. and {Salvati}, M. and {Silva}, L.
	},
    title = "{AMAZE. I. The evolution of the mass-metallicity relation at z $\gt$ 3}",
  journal = {\aap},
archivePrefix = "arXiv",
   eprint = {0806.2410},
 keywords = {ISM: abundances, galaxies: abundances, galaxies: evolution, galaxies: high-redshift, galaxies: starburst},
     year = 2008,
    month = sep,
   volume = 488,
    pages = {463-479},
      doi = {10.1051/0004-6361:200809678},
   adsurl = {http://adsabs.harvard.edu/abs/2008A%26A...488..463M},
  adsnote = {Provided by the SAO/NASA Astrophysics Data System}
}

@ARTICLE{2012ApJ...755...89R,
   author = {{Rafelski}, M. and {Wolfe}, A.~M. and {Prochaska}, J.~X. and 
	{Neeleman}, M. and {Mendez}, A.~J.},
    title = "{Metallicity Evolution of Damped Ly{$\alpha$} Systems Out to z \~{} 5}",
  journal = {\apj},
archivePrefix = "arXiv",
   eprint = {1205.5047},
 primaryClass = "astro-ph.CO",
 keywords = {Galaxy: halo, galaxies: abundances, galaxies: evolution, galaxies: general, galaxies: ISM, quasars: absorption lines},
     year = 2012,
    month = aug,
   volume = 755,
      eid = {89},
    pages = {89},
      doi = {10.1088/0004-637X/755/2/89},
   adsurl = {http://adsabs.harvard.edu/abs/2012ApJ...755...89R},
  adsnote = {Provided by the SAO/NASA Astrophysics Data System}
}

@ARTICLE{1977ApJS...34..295T,
   author = {{Talbot}, Jr., R.~J. and {Newman}, M.~J.},
    title = "{Encounters between stars and dense interstellar clouds}",
  journal = {\apjs},
 keywords = {Astrodynamics, Interstellar Matter, Probability Theory, Stellar Mass Accretion, Stellar Motions, Abundance, Astronomical Models, Cosmic Dust, Cosmology, Dwarf Stars, Encounters, F Stars, G Stars, Life (Durability), Solar Wind, Stellar Evolution},
     year = 1977,
    month = jul,
   volume = 34,
    pages = {295-308},
      doi = {10.1086/190452},
   adsurl = {http://adsabs.harvard.edu/abs/1977ApJS...34..295T},
  adsnote = {Provided by the SAO/NASA Astrophysics Data System}
}

@ARTICLE{1980ApJ...235..541A,
   author = {{Alcock}, C. and {Illarionov}, A.},
    title = "{The Surface Chemistry of Stars - Part Two - Fractionated Accretion of Interstellar Matter}",
  journal = {\apj},
     year = 1980,
    month = jan,
   volume = 235,
    pages = {541},
      doi = {10.1086/157657},
   adsurl = {http://adsabs.harvard.edu/abs/1980ApJ...235..541A},
  adsnote = {Provided by the SAO/NASA Astrophysics Data System}
}

@ARTICLE{1981A&A....97..280Y,
   author = {{Yoshii}, Y.},
    title = "{Metal enrichment in the atmospheres of extremely metal-deficient dwarf stars by accretion of interstellar matter}",
  journal = {\aap},
 keywords = {Abundance, Dwarf Stars, Metals, Stellar Atmospheres, Stellar Mass Accretion, Interstellar Matter, Kinematics, Main Sequence Stars},
     year = 1981,
    month = apr,
   volume = 97,
    pages = {280-290},
   adsurl = {http://adsabs.harvard.edu/abs/1981A%26A....97..280Y},
  adsnote = {Provided by the SAO/NASA Astrophysics Data System}
}

@ARTICLE{2011MNRAS.413.1184J,
   author = {{Johnson}, J.~L. and {Khochfar}, S.},
    title = "{Suppression of accretion on to low-mass Population III stars}",
  journal = {\mnras},
archivePrefix = "arXiv",
   eprint = {1011.4091},
 keywords = {accretion, accretion discs, stars: abundances, stars: kinematics and dynamics, stars: low-mass, stars: Population III, Galaxy: formation},
     year = 2011,
    month = may,
   volume = 413,
    pages = {1184-1191},
      doi = {10.1111/j.1365-2966.2011.18215.x},
   adsurl = {http://adsabs.harvard.edu/abs/2011MNRAS.413.1184J},
  adsnote = {Provided by the SAO/NASA Astrophysics Data System}
}

@ARTICLE{2015ApJ...808L..47K,
   author = {{Komiya}, Y. and {Suda}, T. and {Fujimoto}, M.~Y.},
    title = "{The Most Iron-deficient Stars as the Polluted Population III Stars}",
  journal = {\apjl},
archivePrefix = "arXiv",
   eprint = {1507.01664},
 primaryClass = "astro-ph.SR",
 keywords = {early universe, stars: abundances, stars: Population III},
     year = 2015,
    month = aug,
   volume = 808,
      eid = {L47},
    pages = {L47},
      doi = {10.1088/2041-8205/808/2/L47},
   adsurl = {http://adsabs.harvard.edu/abs/2015ApJ...808L..47K},
  adsnote = {Provided by the SAO/NASA Astrophysics Data System}
}

@ARTICLE{2009ApJ...696L..79K,
   author = {{Komiya}, Y. and {Habe}, A. and {Suda}, T. and {Fujimoto}, M.~Y.
	},
    title = "{Hierarchical Formation of the Galactic Halo and the Origin of Hyper Metal-Poor Stars}",
  journal = {\apjl},
 keywords = {Galaxy: evolution, Galaxy: formation, stars: abundances, stars: Population II},
     year = 2009,
    month = may,
   volume = 696,
    pages = {L79-L83},
      doi = {10.1088/0004-637X/696/1/L79},
   adsurl = {http://adsabs.harvard.edu/abs/2009ApJ...696L..79K},
  adsnote = {Provided by the SAO/NASA Astrophysics Data System}
}

@ARTICLE{2010ApJ...717..542K,
   author = {{Komiya}, Y. and {Habe}, A. and {Suda}, T. and {Fujimoto}, M.~Y.
	},
    title = "{Formation History of Metal-poor Halo Stars with the Hierarchical Model and the Effect of Interstellar Matter Accretion on the Most Metal-poor Stars}",
  journal = {\apj},
archivePrefix = "arXiv",
   eprint = {1005.2475},
 keywords = {Galaxy: evolution, Galaxy: formation, stars: abundances, stars: Population II},
     year = 2010,
    month = jul,
   volume = 717,
    pages = {542-561},
      doi = {10.1088/0004-637X/717/1/542},
   adsurl = {http://adsabs.harvard.edu/abs/2010ApJ...717..542K},
  adsnote = {Provided by the SAO/NASA Astrophysics Data System}
}

@ARTICLE{2010MNRAS.406..896B,
   author = {{Boylan-Kolchin}, M. and {Springel}, V. and {White}, S.~D.~M. and 
	{Jenkins}, A.},
    title = "{There's no place like home? Statistics of Milky Way-mass dark matter haloes}",
  journal = {\mnras},
archivePrefix = "arXiv",
   eprint = {0911.4484},
 primaryClass = "astro-ph.CO",
 keywords = {galaxies: haloes, cosmology: theory, methods: N-body simulations},
     year = 2010,
    month = aug,
   volume = 406,
    pages = {896-912},
      doi = {10.1111/j.1365-2966.2010.16774.x},
   adsurl = {http://adsabs.harvard.edu/abs/2010MNRAS.406..896B},
  adsnote = {Provided by the SAO/NASA Astrophysics Data System}
}

@ARTICLE{2013ApJ...773...43B,
   author = {{Bird}, J.~C. and {Kazantzidis}, S. and {Weinberg}, D.~H. and 
	{Guedes}, J. and {Callegari}, S. and {Mayer}, L. and {Madau}, P.
	},
    title = "{Inside out and Upside down: Tracing the Assembly of a Simulated Disk Galaxy Using Mono-age Stellar Populations}",
  journal = {\apj},
archivePrefix = "arXiv",
   eprint = {1301.0620},
 keywords = {galaxies: evolution, galaxies: spiral, Galaxy: evolution, Galaxy: formation, Galaxy: kinematics and dynamics, Galaxy: structure },
     year = 2013,
    month = aug,
   volume = 773,
      eid = {43},
    pages = {43},
      doi = {10.1088/0004-637X/773/1/43},
   adsurl = {http://adsabs.harvard.edu/abs/2013ApJ...773...43B},
  adsnote = {Provided by the SAO/NASA Astrophysics Data System}
}

@ARTICLE{2012ApJ...760...50S,
   author = {{Shen}, S. and {Madau}, P. and {Aguirre}, A. and {Guedes}, J. and 
	{Mayer}, L. and {Wadsley}, J.},
    title = "{The Origin of Metals in the Circumgalactic Medium of Massive Galaxies at z = 3}",
  journal = {\apj},
archivePrefix = "arXiv",
   eprint = {1109.3713},
 keywords = {galaxies: evolution, galaxies: high-redshift, intergalactic medium, methods: numerical},
     year = 2012,
    month = nov,
   volume = 760,
      eid = {50},
    pages = {50},
      doi = {10.1088/0004-637X/760/1/50},
   adsurl = {http://adsabs.harvard.edu/abs/2012ApJ...760...50S},
  adsnote = {Provided by the SAO/NASA Astrophysics Data System}
}

@ARTICLE{2013ApJ...765...89S,
   author = {{Shen}, S. and {Madau}, P. and {Guedes}, J. and {Mayer}, L. and 
	{Prochaska}, J.~X. and {Wadsley}, J.},
    title = "{The Circumgalactic Medium of Massive Galaxies at z \~{} 3: A Test for Stellar Feedback, Galactic Outflows, and Cold Streams}",
  journal = {\apj},
archivePrefix = "arXiv",
   eprint = {1205.0270},
 keywords = {galaxies: evolution, galaxies: high-redshift, intergalactic medium, methods: numerical },
     year = 2013,
    month = mar,
   volume = 765,
      eid = {89},
    pages = {89},
      doi = {10.1088/0004-637X/765/2/89},
   adsurl = {http://adsabs.harvard.edu/abs/2013ApJ...765...89S},
  adsnote = {Provided by the SAO/NASA Astrophysics Data System}
}

@ARTICLE{2015ApJ...807..115S,
   author = {{Shen}, S. and {Cooke}, R.~J. and {Ramirez-Ruiz}, E. and {Madau}, P. and 
	{Mayer}, L. and {Guedes}, J.},
    title = "{The History of R-Process Enrichment in the Milky Way}",
  journal = {\apj},
archivePrefix = "arXiv",
   eprint = {1407.3796},
 keywords = {Galaxy: abundances, Galaxy: evolution, methods: numerical, stars: abundances},
     year = 2015,
    month = jul,
   volume = 807,
      eid = {115},
    pages = {115},
      doi = {10.1088/0004-637X/807/2/115},
   adsurl = {http://adsabs.harvard.edu/abs/2015ApJ...807..115S},
  adsnote = {Provided by the SAO/NASA Astrophysics Data System}
}


@ARTICLE{2011ApJ...729...16K,
   author = {{Kobayashi}, C. and {Nakasato}, N.},
    title = "{Chemodynamical Simulations of the Milky Way Galaxy}",
  journal = {\apj},
archivePrefix = "arXiv",
   eprint = {1012.5144},
 keywords = {Galaxy: abundances, Galaxy: evolution, Galaxy: formation, methods: numerical, supernovae: general},
     year = 2011,
    month = mar,
   volume = 729,
      eid = {16},
    pages = {16},
      doi = {10.1088/0004-637X/729/1/16},
   adsurl = {http://adsabs.harvard.edu/abs/2011ApJ...729...16K},
  adsnote = {Provided by the SAO/NASA Astrophysics Data System}
}

@ARTICLE{2007ApJS..170..377S,
   author = {{Spergel}, D.~N. and {Bean}, R. and {Dor{\'e}}, O. and {Nolta}, M.~R. and 
	{Bennett}, C.~L. and {Dunkley}, J. and {Hinshaw}, G. and {Jarosik}, N. and 
	{Komatsu}, E. and {Page}, L. and {Peiris}, H.~V. and {Verde}, L. and 
	{Halpern}, M. and {Hill}, R.~S. and {Kogut}, A. and {Limon}, M. and 
	{Meyer}, S.~S. and {Odegard}, N. and {Tucker}, G.~S. and {Weiland}, J.~L. and 
	{Wollack}, E. and {Wright}, E.~L.},
    title = "{Three-Year Wilkinson Microwave Anisotropy Probe (WMAP) Observations: Implications for Cosmology}",
  journal = {\apjs},
   eprint = {astro-ph/0603449},
 keywords = {Cosmology: Cosmic Microwave Background, Cosmology: Observations},
     year = 2007,
    month = jun,
   volume = 170,
    pages = {377-408},
      doi = {10.1086/513700},
   adsurl = {http://adsabs.harvard.edu/abs/2007ApJS..170..377S},
  adsnote = {Provided by the SAO/NASA Astrophysics Data System}
}


@ARTICLE{1995ApJ...444..175F,
   author = {{Fujimoto}, M.~Y. and {Sugiyama}, K. and {Iben}, Jr., I. and 
	{Hollowell}, D.},
    title = "{On population 3 stars as gravitational microlensing objects in the galactic halo}",
  journal = {\apj},
 keywords = {Dark Matter, Galactic Halos, Gravitational Lenses, Milky Way Galaxy, Populations, Brown Dwarf Stars, Stellar Composition, Stellar Mass, Stellar Mass Accretion},
     year = 1995,
    month = may,
   volume = 444,
    pages = {175-182},
      doi = {10.1086/175592},
   adsurl = {http://adsabs.harvard.edu/abs/1995ApJ...444..175F},
  adsnote = {Provided by the SAO/NASA Astrophysics Data System}
}

@ARTICLE{2013MNRAS.436..625S,
   author = {{Stinson}, G.~S. and {Bovy}, J. and {Rix}, H.-W. and {Brook}, C. and 
	{Ro{\v s}kar}, R. and {Dalcanton}, J.~J. and {Macci{\`o}}, A.~V. and 
	{Wadsley}, J. and {Couchman}, H.~M.~P. and {Quinn}, T.~R.},
    title = "{MaGICC thick disc - I. Comparing a simulated disc formed with stellar feedback to the Milky Way}",
  journal = {\mnras},
archivePrefix = "arXiv",
   eprint = {1301.5318},
 primaryClass = "astro-ph.GA",
 keywords = {hydrodynamics, galaxies: formation, galaxies: structure},
     year = 2013,
    month = nov,
   volume = 436,
    pages = {625-634},
      doi = {10.1093/mnras/stt1600},
   adsurl = {http://adsabs.harvard.edu/abs/2013MNRAS.436..625S},
  adsnote = {Provided by the SAO/NASA Astrophysics Data System}
}

@ARTICLE{2000AJ....120.1841F,
   author = {{Fulbright}, J.~P.},
    title = "{Abundances and Kinematics of Field Halo and Disk Stars. I. Observational Data and Abundance Analysis}",
  journal = {\aj},
   eprint = {astro-ph/0006260},
 keywords = {Galaxy: Halo, Galaxy: Stellar Content, Stars: Abundances, Stars: Population II, Stars: Subdwarfs},
     year = 2000,
    month = oct,
   volume = 120,
    pages = {1841-1852},
      doi = {10.1086/301548},
   adsurl = {http://adsabs.harvard.edu/abs/2000AJ....120.1841F},
  adsnote = {Provided by the SAO/NASA Astrophysics Data System}
}

@ARTICLE{2003MNRAS.340..304R,
   author = {{Reddy}, B.~E. and {Tomkin}, J. and {Lambert}, D.~L. and {Allende Prieto}, C.
	},
    title = "{The chemical compositions of Galactic disc F and G dwarfs}",
  journal = {\mnras},
   eprint = {astro-ph/0211551},
 keywords = {stars: abundances, stars: atmospheres, stars: fundamental parameters, stars: kinematics, Galaxy: abundances, Galaxy: evolution},
     year = 2003,
    month = mar,
   volume = 340,
    pages = {304-340},
      doi = {10.1046/j.1365-8711.2003.06305.x},
   adsurl = {http://adsabs.harvard.edu/abs/2003MNRAS.340..304R},
  adsnote = {Provided by the SAO/NASA Astrophysics Data System}
}

@ARTICLE{2006MNRAS.367.1329R,
   author = {{Reddy}, B.~E. and {Lambert}, D.~L. and {Allende Prieto}, C.
	},
    title = "{Elemental abundance survey of the Galactic thick disc}",
  journal = {\mnras},
   eprint = {astro-ph/0512505},
 keywords = {stars: abundances, stars: kinematics, Galaxy: abundances, Galaxy: evolution},
     year = 2006,
    month = apr,
   volume = 367,
    pages = {1329-1366},
      doi = {10.1111/j.1365-2966.2006.10148.x},
   adsurl = {http://adsabs.harvard.edu/abs/2006MNRAS.367.1329R},
  adsnote = {Provided by the SAO/NASA Astrophysics Data System}
}

@ARTICLE{2004ApJ...617.1091S,
   author = {{Simmerer}, J. and {Sneden}, C. and {Cowan}, J.~J. and {Collier}, J. and 
	{Woolf}, V.~M. and {Lawler}, J.~E.},
    title = "{The Rise of the s-Process in the Galaxy}",
  journal = {\apj},
   eprint = {astro-ph/0410396},
 keywords = {Galaxy: Disk, Galaxy: Evolution, Galaxy: Halo, Stars: Abundances, Stars: Kinematics, Stars: Population II},
     year = 2004,
    month = dec,
   volume = 617,
    pages = {1091-1114},
      doi = {10.1086/424504},
   adsurl = {http://adsabs.harvard.edu/abs/2004ApJ...617.1091S},
  adsnote = {Provided by the SAO/NASA Astrophysics Data System}
}

@ARTICLE{2004AJ....128.1177V,
   author = {{Venn}, K.~A. and {Irwin}, M. and {Shetrone}, M.~D. and {Tout}, C.~A. and 
	{Hill}, V. and {Tolstoy}, E.},
    title = "{Stellar Chemical Signatures and Hierarchical Galaxy Formation}",
  journal = {\aj},
   eprint = {astro-ph/0406120},
 keywords = {Galaxies: Abundances, Galaxies: Dwarf, Galaxies: Formation, Galaxy: Abundances, Galaxy: Disk, Galaxy: Halo, Galaxy: Stellar Content, Galaxies: Local Group, Stars: Abundances, Stars: Kinematics},
     year = 2004,
    month = sep,
   volume = 128,
    pages = {1177-1195},
      doi = {10.1086/422734},
   adsurl = {http://adsabs.harvard.edu/abs/2004AJ....128.1177V},
  adsnote = {Provided by the SAO/NASA Astrophysics Data System}
}

@ARTICLE{2005A&A...439..129B,
   author = {{Barklem}, P.~S. and {Christlieb}, N. and {Beers}, T.~C. and 
	{Hill}, V. and {Bessell}, M.~S. and {Holmberg}, J. and {Marsteller}, B. and 
	{Rossi}, S. and {Zickgraf}, F.-J. and {Reimers}, D.},
    title = "{The Hamburg/ESO R-process enhanced star survey (HERES). II. Spectroscopic analysis of the survey sample}",
  journal = {\aap},
   eprint = {astro-ph/0505050},
 keywords = {stars: abundances, stars: population II, Galaxy: abundances, Galaxy: evolution, Galaxy: halo},
     year = 2005,
    month = aug,
   volume = 439,
    pages = {129-151},
      doi = {10.1051/0004-6361:20052967},
   adsurl = {http://adsabs.harvard.edu/abs/2005A%26A...439..129B},
  adsnote = {Provided by the SAO/NASA Astrophysics Data System}
}

@ARTICLE{2013A&A...552A.128M,
   author = {{Mishenina}, T.~V. and {Pignatari}, M. and {Korotin}, S.~A. and 
	{Soubiran}, C. and {Charbonnel}, C. and {Thielemann}, F.-K. and 
	{Gorbaneva}, T.~I. and {Basak}, N.~Y.},
    title = "{Abundances of neutron-capture elements in stars of the Galactic disk substructures}",
  journal = {\aap},
archivePrefix = "arXiv",
   eprint = {1303.1730},
 primaryClass = "astro-ph.SR",
 keywords = {nuclear reactions, nucleosynthesis, abundances, stars: abundances, stars: late-type, Galaxy: evolution},
     year = 2013,
    month = apr,
   volume = 552,
      eid = {A128},
    pages = {A128},
      doi = {10.1051/0004-6361/201220687},
   adsurl = {http://adsabs.harvard.edu/abs/2013A%26A...552A.128M},
  adsnote = {Provided by the SAO/NASA Astrophysics Data System}
}

@ARTICLE{2014AJ....147..136R,
   author = {{Roederer}, I.~U. and {Preston}, G.~W. and {Thompson}, I.~B. and 
	{Shectman}, S.~A. and {Sneden}, C. and {Burley}, G.~S. and {Kelson}, D.~D.
	},
    title = "{A Search for Stars of Very Low Metal Abundance. VI. Detailed Abundances of 313 Metal-poor Stars}",
  journal = {\aj},
archivePrefix = "arXiv",
   eprint = {1403.6853},
 primaryClass = "astro-ph.SR",
 keywords = {Galaxy: halo, nuclear reactions, nucleosynthesis, abundances, stars: abundances, stars: atmospheres, stars: Population II},
     year = 2014,
    month = jun,
   volume = 147,
      eid = {136},
    pages = {136},
      doi = {10.1088/0004-6256/147/6/136},
   adsurl = {http://adsabs.harvard.edu/abs/2014AJ....147..136R},
  adsnote = {Provided by the SAO/NASA Astrophysics Data System}
}

@ARTICLE{1979ApJ...229.1046T,
   author = {{Tinsley}, B.~M.},
    title = "{Stellar lifetimes and abundance ratios in chemical evolution}",
  journal = {\apj},
 keywords = {Abundance, Chemical Evolution, Galactic Evolution, Life (Durability), Nuclear Fusion, Stellar Evolution, Carbon, Iron, Mass Ratios, Oxygen, Stellar Mass, Supernovae, Time Dependence, White Dwarf Stars},
     year = 1979,
    month = may,
   volume = 229,
    pages = {1046-1056},
      doi = {10.1086/157039},
   adsurl = {http://adsabs.harvard.edu/abs/1979ApJ...229.1046T},
  adsnote = {Provided by the SAO/NASA Astrophysics Data System}
}

@INPROCEEDINGS{2000fist.conf..327W,
   author = {{White}, S.~D.~M. and {Springel}, V.},
    title = "{Where Are the First Stars Now?}",
booktitle = {The First Stars},
     year = 2000,
   eprint = {astro-ph/9911378},
   editor = {{Weiss}, A. and {Abel}, T.~G. and {Hill}, V.},
    pages = {327},
      doi = {10.1007/10719504_62},
   adsurl = {http://adsabs.harvard.edu/abs/2000fist.conf..327W},
  adsnote = {Provided by the SAO/NASA Astrophysics Data System}
}

@ARTICLE{2007ApJ...661...10B,
   author = {{Brook}, C.~B. and {Kawata}, D. and {Scannapieco}, E. and {Martel}, H. and 
	{Gibson}, B.~K.},
    title = "{The Spatial Distribution of the Galactic First Stars. II. Smoothed Particle Hydrodynamics Approach}",
  journal = {\apj},
   eprint = {astro-ph/0612259},
 keywords = {Cosmology: Theory, Galaxies: Evolution, Galaxies: Formation, Galaxies: Stellar Content, Stars: Abundances},
     year = 2007,
    month = may,
   volume = 661,
    pages = {10-18},
      doi = {10.1086/511514},
   adsurl = {http://adsabs.harvard.edu/abs/2007ApJ...661...10B},
  adsnote = {Provided by the SAO/NASA Astrophysics Data System}
}

@ARTICLE{2010MNRAS.401L...5S,
   author = {{Salvadori}, S. and {Ferrara}, A. and {Schneider}, R. and {Scannapieco}, E. and 
	{Kawata}, D.},
    title = "{Mining the Galactic halo for very metal-poor stars}",
  journal = {\mnras},
archivePrefix = "arXiv",
   eprint = {0908.4279},
 keywords = {stars: formation , stars: Population II , supernovae: general , galaxies: evolution , galaxies: stellar content , cosmology: theory},
     year = 2010,
    month = jan,
   volume = 401,
    pages = {L5-L9},
      doi = {10.1111/j.1745-3933.2009.00772.x},
   adsurl = {http://adsabs.harvard.edu/abs/2010MNRAS.401L...5S},
  adsnote = {Provided by the SAO/NASA Astrophysics Data System}
}

@ARTICLE{2010ApJ...708.1398T,
   author = {{Tumlinson}, J.},
    title = "{Chemical Evolution in Hierarchical Models of Cosmic Structure. II. The Formation of the Milky Way Stellar Halo and the Distribution of the Oldest Stars}",
  journal = {\apj},
archivePrefix = "arXiv",
   eprint = {0911.1786},
 keywords = {cosmology: theory, galaxies: dwarf, Galaxy: formation, Galaxy: halo, stars: abundances, stars: Population II},
     year = 2010,
    month = jan,
   volume = 708,
    pages = {1398-1418},
      doi = {10.1088/0004-637X/708/2/1398},
   adsurl = {http://adsabs.harvard.edu/abs/2010ApJ...708.1398T},
  adsnote = {Provided by the SAO/NASA Astrophysics Data System}
}

@ARTICLE{2016PASA...33...22N,
   author = {{Ness}, M. and {Freeman}, K.},
    title = "{The Metallicity Distribution of the Milky Way Bulge}",
  journal = {\pasa},
archivePrefix = "arXiv",
   eprint = {1511.07438},
 keywords = {galaxy: bulge, galaxy: evolution, galaxy: formation, galaxy: fundamental parameters, galaxy: center},
     year = 2016,
    month = jun,
   volume = 33,
      eid = {e022},
    pages = {e022},
      doi = {10.1017/pasa.2015.51},
   adsurl = {http://adsabs.harvard.edu/abs/2016PASA...33...22N},
  adsnote = {Provided by the SAO/NASA Astrophysics Data System}
}

@ARTICLE{2016arXiv161005777D,
   author = {{de Bennassuti}, M. and {Salvadori}, S. and {Schneider}, R. and 
	{Valiante}, R. and {Omukai}, K.},
    title = "{Limits on Pop III star formation with the most iron-poor stars}",
  journal = {ArXiv e-prints},
archivePrefix = "arXiv",
   eprint = {1610.05777},
 keywords = {Astrophysics - Astrophysics of Galaxies},
     year = 2016,
    month = oct,
   adsurl = {http://adsabs.harvard.edu/abs/2016arXiv161005777D},
  adsnote = {Provided by the SAO/NASA Astrophysics Data System}
}

@ARTICLE{2016arXiv161100759G,
   author = {{Griffen}, B.~F. and {Dooley}, G.~A. and {Ji}, A.~P. and {O'Shea}, B.~W. and 
	{G{\'o}mez}, F.~A. and {Frebel}, A.},
    title = "{Tracing the first stars and galaxies of the Milky Way}",
  journal = {ArXiv e-prints},
archivePrefix = "arXiv",
   eprint = {1611.00759},
 keywords = {Astrophysics - Astrophysics of Galaxies},
     year = 2016,
    month = nov,
   adsurl = {http://adsabs.harvard.edu/abs/2016arXiv161100759G},
  adsnote = {Provided by the SAO/NASA Astrophysics Data System}
}

@ARTICLE{2015ApJ...799..184P,
   author = {{Pillepich}, A. and {Madau}, P. and {Mayer}, L.},
    title = "{Building Late-type Spiral Galaxies by In-situ and Ex-situ Star Formation}",
  journal = {\apj},
archivePrefix = "arXiv",
   eprint = {1407.7855},
 keywords = {galaxies: formation, galaxies: structure, Galaxy: evolution, Galaxy: formation, Galaxy: halo, methods: numerical },
     year = 2015,
    month = feb,
   volume = 799,
      eid = {184},
    pages = {184},
      doi = {10.1088/0004-637X/799/2/184},
   adsurl = {http://adsabs.harvard.edu/abs/2015ApJ...799..184P},
  adsnote = {Provided by the SAO/NASA Astrophysics Data System}
}

@ARTICLE{1952MNRAS.112..195B,
   author = {{Bondi}, H.},
    title = "{On spherically symmetrical accretion}",
  journal = {\mnras},
     year = 1952,
   volume = 112,
    pages = {195},
      doi = {10.1093/mnras/112.2.195},
   adsurl = {http://adsabs.harvard.edu/abs/1952MNRAS.112..195B},
  adsnote = {Provided by the SAO/NASA Astrophysics Data System}
}

@ARTICLE{1939PCPS...35..405H,
   author = {{Hoyle}, F. and {Lyttleton}, R.~A.},
    title = "{The effect of interstellar matter on climatic variation}",
  journal = {Proceedings of the Cambridge Philosophical Society},
     year = 1939,
   volume = 35,
    pages = {405},
      doi = {10.1017/S0305004100021150},
   adsurl = {http://adsabs.harvard.edu/abs/1939PCPS...35..405H},
  adsnote = {Provided by the SAO/NASA Astrophysics Data System}
}

@ARTICLE{1985MNRAS.217..367S,
   author = {{Shima}, E. and {Matsuda}, T. and {Takeda}, H. and {Sawada}, K.
	},
    title = "{Hydrodynamic calculations of axisymmetric accretion flow}",
  journal = {\mnras},
 keywords = {Axisymmetric Flow, Flow Deflection, Gravitational Effects, Hydrodynamic Equations, Inviscid Flow, Boundary Conditions, Boundary Value Problems, Deposition, Hydrodynamic Coefficients, Ideal Gas, Mach Number, Rigid Structures, Supersonic Flow, Surface Roughness Effects},
     year = 1985,
    month = nov,
   volume = 217,
    pages = {367-386},
      doi = {10.1093/mnras/217.2.367},
   adsurl = {http://adsabs.harvard.edu/abs/1985MNRAS.217..367S},
  adsnote = {Provided by the SAO/NASA Astrophysics Data System}
}

@ARTICLE{2002ApJ...567..532H,
   author = {{Heger}, A. and {Woosley}, S.~E.},
    title = "{The Nucleosynthetic Signature of Population III}",
  journal = {\apj},
   eprint = {astro-ph/0107037},
 keywords = {Nuclear Reactions, Nucleosynthesis, Abundances, Stars: Early-Type, Stars: Supernovae: General},
     year = 2002,
    month = mar,
   volume = 567,
    pages = {532-543},
      doi = {10.1086/338487},
   adsurl = {http://adsabs.harvard.edu/abs/2002ApJ...567..532H},
  adsnote = {Provided by the SAO/NASA Astrophysics Data System}
}

@ARTICLE{2006A&A...451...19E,
   author = {{Erni}, P. and {Richter}, P. and {Ledoux}, C. and {Petitjean}, P.
	},
    title = "{The most metal-poor damped Lyman {$\alpha$} system at z $\lt$3: constraints on early nucleosynthesis}",
  journal = {\aap},
   eprint = {astro-ph/0602121},
 keywords = {galaxies: quasars: absorption lines, galaxies: quasars: individual: Q0913+072, cosmology: observations, cosmology: early Universe, stars: formation, galaxies: abundances},
     year = 2006,
    month = may,
   volume = 451,
    pages = {19-26},
      doi = {10.1051/0004-6361:20054328},
   adsurl = {http://adsabs.harvard.edu/abs/2006A%26A...451...19E},
  adsnote = {Provided by the SAO/NASA Astrophysics Data System}
}

@ARTICLE{2013ApJ...772...93K,
   author = {{Kulkarni}, G. and {Rollinde}, E. and {Hennawi}, J.~F. and {Vangioni}, E.
	},
    title = "{Chemical Enrichment of Damped Ly{$\alpha$} Systems as a Direct Constraint on Population III Star Formation}",
  journal = {\apj},
archivePrefix = "arXiv",
   eprint = {1301.4201},
 keywords = {dark ages, reionization, first stars, galaxies: abundances, galaxies: evolution, galaxies: ISM, quasars: absorption lines, stars: Population III},
     year = 2013,
    month = aug,
   volume = 772,
      eid = {93},
    pages = {93},
      doi = {10.1088/0004-637X/772/2/93},
   adsurl = {http://adsabs.harvard.edu/abs/2013ApJ...772...93K},
  adsnote = {Provided by the SAO/NASA Astrophysics Data System}
}

@ARTICLE{2012MNRAS.425..347C,
   author = {{Cooke}, R. and {Pettini}, M. and {Murphy}, M.~T.},
    title = "{A new candidate for probing Population III nucleosynthesis with carbon-enhanced damped Ly{$\alpha$} systems}",
  journal = {\mnras},
archivePrefix = "arXiv",
   eprint = {1201.1004},
 keywords = {galaxies: abundances, galaxies: evolution, quasars: absorption lines },
     year = 2012,
    month = sep,
   volume = 425,
    pages = {347-354},
      doi = {10.1111/j.1365-2966.2012.21470.x},
   adsurl = {http://adsabs.harvard.edu/abs/2012MNRAS.425..347C},
  adsnote = {Provided by the SAO/NASA Astrophysics Data System}
}

@ARTICLE{2012MNRAS.421L..29S,
   author = {{Salvadori}, S. and {Ferrara}, A.},
    title = "{First stars in damped Ly{$\alpha$} systems}",
  journal = {\mnras},
archivePrefix = "arXiv",
   eprint = {1111.6637},
 keywords = {stars: carborstars: Population III, galaxies: abundances, galaxies: evolution, cosmology: theory},
     year = 2012,
    month = mar,
   volume = 421,
    pages = {L29-L33},
      doi = {10.1111/j.1745-3933.2011.01200.x},
   adsurl = {http://adsabs.harvard.edu/abs/2012MNRAS.421L..29S},
  adsnote = {Provided by the SAO/NASA Astrophysics Data System}
}

@ARTICLE{1983MmSAI..54..321I,
   author = {{Iben}, Jr., I.},
    title = "{Open questions about the formation of heavy elements in 'Z = O' stars}",
  journal = {\memsai},
 keywords = {Abundance, Heavy Elements, Nuclear Fusion, Stellar Evolution, Milky Way Galaxy, Stellar Models, Synthesis (Chemistry)},
     year = 1983,
   volume = 54,
    pages = {321-330},
   adsurl = {http://adsabs.harvard.edu/abs/1983MmSAI..54..321I},
  adsnote = {Provided by the SAO/NASA Astrophysics Data System}
}
